@article{walsh2013using,
  title={Using Evernote as an electronic lab notebook in a translational science laboratory},
  author={Walsh, Emily and Cho, Ilseung},
  journal={Journal of laboratory automation},
  volume={18},
  number={3},
  pages={229--234},
  year={2013},
  publisher={SAGE Publications Sage CA: Los Angeles, CA}
}